<marcxml:record xmlns:xlink="http://www.w3.org/1999/xlink" xmlns:marcxml="http://www.loc.gov/MARC21/slim" xmlns:mets="http://www.loc.gov/METS/" xmlns:mxe="http://www.loc.gov/mxe" xmlns:rdf="http://www.w3.org/1999/02/22-rdf-syntax-ns#" xmlns:rdfs="http://www.w3.org/2000/01/rdf-schema#" xmlns:skos="http://www.w3.org/2004/02/skos/core#" xmlns:madsrdf="http://www.loc.gov/mads/rdf/v1#" xmlns:ri="http://id.loc.gov/ontologies/RecordInfo#" xmlns:sem="http://marklogic.com/semantics">
  <marcxml:leader>01092cz  a2200253n  4500</marcxml:leader>
  <marcxml:controlfield tag="001">n82000920</marcxml:controlfield>
  <marcxml:controlfield tag="003">DLC</marcxml:controlfield>
  <marcxml:controlfield tag="005">20121213074735.0</marcxml:controlfield>
  <marcxml:controlfield tag="008">820212n| azannaabn          |a aaa      </marcxml:controlfield>
  <marcxml:datafield tag="010" ind1=" " ind2=" ">
    <marcxml:subfield code="a">n  82000920 </marcxml:subfield>
    <marcxml:subfield code="z">n  79129028 </marcxml:subfield>
    <marcxml:subfield code="z">no 99074581 </marcxml:subfield>
  </marcxml:datafield>
  <marcxml:datafield tag="035" ind1=" " ind2=" ">
    <marcxml:subfield code="a">(OCoLC)oca00698274</marcxml:subfield>
  </marcxml:datafield>
  <marcxml:datafield tag="040" ind1=" " ind2=" ">
    <marcxml:subfield code="a">DLC</marcxml:subfield>
    <marcxml:subfield code="b">eng</marcxml:subfield>
    <marcxml:subfield code="e">rda</marcxml:subfield>
    <marcxml:subfield code="c">DLC</marcxml:subfield>
    <marcxml:subfield code="d">DLC</marcxml:subfield>
    <marcxml:subfield code="d">MoSU-L</marcxml:subfield>
    <marcxml:subfield code="d">DLC</marcxml:subfield>
    <marcxml:subfield code="d">ICU</marcxml:subfield>
  </marcxml:datafield>
  <marcxml:datafield tag="046" ind1=" " ind2=" ">
    <marcxml:subfield code="f">0146</marcxml:subfield>
    <marcxml:subfield code="g">0211</marcxml:subfield>
  </marcxml:datafield>
  <marcxml:datafield tag="100" ind1="1" ind2=" ">
    <marcxml:subfield code="a">Severus, Lucius Septimius,</marcxml:subfield>
    <marcxml:subfield code="c">Emperor of Rome,</marcxml:subfield>
    <marcxml:subfield code="d">146-211</marcxml:subfield>
  </marcxml:datafield>
  <marcxml:datafield tag="400" ind1="0" ind2=" ">
    <marcxml:subfield code="a">Septimius Severus,</marcxml:subfield>
    <marcxml:subfield code="d">146-211</marcxml:subfield>
  </marcxml:datafield>
  <marcxml:datafield tag="400" ind1="0" ind2=" ">
    <marcxml:subfield code="a">Settimio Severo,</marcxml:subfield>
    <marcxml:subfield code="c">Emperor of Rome,</marcxml:subfield>
    <marcxml:subfield code="d">146-211</marcxml:subfield>
  </marcxml:datafield>
  <marcxml:datafield tag="400" ind1="1" ind2=" ">
    <marcxml:subfield code="a">Severo, Settimio,</marcxml:subfield>
    <marcxml:subfield code="c">Emperor of Rome,</marcxml:subfield>
    <marcxml:subfield code="d">146-211</marcxml:subfield>
  </marcxml:datafield>
  <marcxml:datafield tag="400" ind1="0" ind2=" ">
    <marcxml:subfield code="a">Septime Sévère,</marcxml:subfield>
    <marcxml:subfield code="c">Emperor of Rome,</marcxml:subfield>
    <marcxml:subfield code="d">146-211</marcxml:subfield>
  </marcxml:datafield>
  <marcxml:datafield tag="400" ind1="1" ind2=" ">
    <marcxml:subfield code="a">Sévère, Septime,</marcxml:subfield>
    <marcxml:subfield code="c">Emperor of Rome,</marcxml:subfield>
    <marcxml:subfield code="d">146-211</marcxml:subfield>
  </marcxml:datafield>
  <marcxml:datafield tag="670" ind1=" " ind2=" ">
    <marcxml:subfield code="a">Colliers</marcxml:subfield>
    <marcxml:subfield code="b">(Severus, Lucius Septimius, 146-211; Roman emperor)</marcxml:subfield>
  </marcxml:datafield>
  <marcxml:datafield tag="670" ind1=" " ind2=" ">
    <marcxml:subfield code="a">Brit.</marcxml:subfield>
    <marcxml:subfield code="b">(Severus, Lucius Septimius, 146-211; Roman emperor)</marcxml:subfield>
  </marcxml:datafield>
  <marcxml:datafield tag="670" ind1=" " ind2=" ">
    <marcxml:subfield code="a">Amer.</marcxml:subfield>
    <marcxml:subfield code="b">(Severus, Lucius Septimius, 146-211; Roman emperor)</marcxml:subfield>
  </marcxml:datafield>
  <marcxml:datafield tag="670" ind1=" " ind2=" ">
    <marcxml:subfield code="a">Ninfei ed edifici marittimi severiani del Palatium imperiale di Baia, c1997:</marcxml:subfield>
    <marcxml:subfield code="b">p. 11, etc. (Settimio Severo; emperor)</marcxml:subfield>
  </marcxml:datafield>
  <marcxml:datafield tag="670" ind1=" " ind2=" ">
    <marcxml:subfield code="a">Septime Sévère, c2000.</marcxml:subfield>
  </marcxml:datafield>
</marcxml:record>
